<record><leader>00000cas a22000007a 4500</leader><controlfield tag="001">17736196</controlfield><controlfield tag="008">880405d19641980ohuwr ne      0    0eng d</controlfield><datafield ind1=" " ind2=" " tag="010"><subfield code="a">sn 88078416 </subfield></datafield><datafield ind1=" " ind2=" " tag="040"><subfield code="a">ONP</subfield><subfield code="b">eng</subfield><subfield code="c">ONP</subfield><subfield code="d">OCLCQ</subfield></datafield><datafield ind1=" " ind2=" " tag="042"><subfield code="a">msc</subfield></datafield><datafield ind1="0" ind2=" " tag="130"><subfield code="a">Record-news (Mantua, Ohio)</subfield></datafield><datafield ind1="1" ind2="0" tag="245"><subfield code="a">Record-news.</subfield></datafield><datafield ind1="3" ind2="0" tag="246"><subfield code="a">Mantua Streetsboro record news</subfield></datafield><datafield ind1="3" ind2="0" tag="246"><subfield code="a">Mantua-Windham record-news</subfield></datafield><datafield ind1="3" ind2="0" tag="246"><subfield code="a">Aurora-Streetsboro record-news</subfield></datafield><datafield ind1="1" ind2="3" tag="246"><subfield code="a">Aurora-Streetsboro herald-news</subfield></datafield><datafield ind1="1" ind2="3" tag="246"><subfield code="a">Mantua record</subfield></datafield><datafield ind1="1" ind2="3" tag="246"><subfield code="a">Windham record</subfield></datafield><datafield ind1=" " ind2=" " tag="260"><subfield code="a">Mantua, Ohio :</subfield><subfield code="b">Record Pub. Co.,</subfield><subfield code="c">1964-1980.</subfield></datafield><datafield ind1=" " ind2=" " tag="300"><subfield code="a">v.</subfield></datafield><datafield ind1=" " ind2=" " tag="310"><subfield code="a">Weekly</subfield></datafield><datafield ind1="0" ind2=" " tag="362"><subfield code="a">Vol. 45, no. 9 (Feb. 27, 1964)-v. 61, no. 8 (Feb. 20, 1980).</subfield></datafield><datafield ind1=" " ind2="4" tag="651"><subfield code="a">Mantua (Ohio)</subfield><subfield code="v">Newspapers.</subfield></datafield><datafield ind1=" " ind2="4" tag="651"><subfield code="a">Aurora (Ohio)</subfield><subfield code="v">Newspapers.</subfield></datafield><datafield ind1=" " ind2="4" tag="651"><subfield code="a">Streetsboro (Ohio)</subfield><subfield code="v">Newspapers.</subfield></datafield><datafield ind1=" " ind2="4" tag="651"><subfield code="a">Windham (Ohio)</subfield><subfield code="v">Newspapers.</subfield></datafield><datafield ind1=" " ind2="4" tag="651"><subfield code="a">Portage County (Ohio)</subfield><subfield code="v">Newspapers.</subfield></datafield><datafield ind1=" " ind2=" " tag="752"><subfield code="a">United States</subfield><subfield code="b">Ohio</subfield><subfield code="c">Portage</subfield><subfield code="d">Mantua.</subfield></datafield><datafield ind1="0" ind2="0" tag="780"><subfield code="t">Mantua record (Mantua, Ohio)</subfield><subfield code="w">(DLC)sn 84028028</subfield></datafield><datafield ind1="0" ind2="0" tag="785"><subfield code="t">Streetsboro/Mantua record-news</subfield><subfield code="w">(DLC)sn 88078415</subfield></datafield></record>